@techreport{lincoff1989audubon,
  title={The Audubon society field guide to North American mushrooms},
  author={Lincoff, Gary H},
  year={1989}
}

@article{schlimmer1987concept,
  title={Concept acquisition through representational adjustment},
  author={Schlimmer, Jeffrey Curtis},
  year={1987},
  publisher={University of California, Irvine}
}

@inproceedings{duch1996extraction,
  title={Extraction of logical rules from training data using backpropagation networks},
  author={Duch, W{\l}odzis{\l}aw and Adamczak, Rafa{\l} and Grabczewski, Krzysztof},
  booktitle={The 1st Online Workshop on Soft Computing},
  pages={19--30},
  year={1996}
}

@article{duch1997extraction,
  title={Extraction of crisp logical rules using constrained backpropagation networks},
  author={Duch, Wlodzislaw and Adamczak, Rafal and Grabczewski, Krzysztof and others},
  year={1997},
  publisher={Citeseer}
}
